@inproceedings{google_mapreduce,
title	= {MapReduce: Simplified Data Processing on Large Clusters},
author	= {Jeffrey Dean and Sanjay Ghemawat},
year	= {2004},
booktitle	= {OSDI'04: Sixth Symposium on Operating System Design and Implementation},
pages	= {137--150},
address	= {San Francisco, CA}
}
@article{codes,
author = {Cope, J. and Liu, N. and Lang, S. and Carns, P. and Carothers, C. and Ross, Robert},
year = {2011},
month = {01},
pages = {},
title = {CODES: Enabling Co-design of Multilayer Exascale Storage Architectures}
}
@misc{ross,
	title     = "ROSS: Rensselaer’s Optimistic Simulation System",
	url       = "https://ross-org.github.io/"
}
@article{baseline_model,
title={Large Scale Data Centers Simulation Based on Baseline Test Model},
author={Fei Lei and Lei Yu and Bing Shao and Fei Teng and Bo Zhou},
journal={2018 IEEE International Parallel and Distributed Processing Symposium Workshops (IPDPSW)},
year={2018},
pages={57-68}
}
@INPROCEEDINGS{yarnsim,
	author={N. {Liu} and X. {Yang} and X. {Sun} and J. {Jenkins} and R. {Ross}},
	booktitle={2015 15th IEEE/ACM International Symposium on Cluster, Cloud and Grid Computing},
	title={YARNsim: Simulating Hadoop YARN},
	year={2015},
	volume={},
	number={},
	pages={637-646},
	keywords={discrete event simulation;parallel processing;YARNsim;Hadoop YARN simulation;centralized job-task management;single failure points;programming models;MapReduce;Apache Hadoop YARN;protocol-level accuracy;parallel discrete event simulation;Yarn;Mathematical model;Computational modeling;Biological system modeling;Analytical models;Data models;Hardware;MapReduce;YARN;Parallel Discrete Event Simulation;HDFS},
	doi={10.1109/CCGrid.2015.61},
	ISSN={},
	month={05},
}
@inproceedings{mumak, author = {Wang, Guanying and Butt, Ali R. and Pandey, Prashant and Gupta, Karan}, title = {Using Realistic Simulation for Performance Analysis of Mapreduce Setups}, year = {2009}, isbn = {9781605585925}, publisher = {Association for Computing Machinery}, address = {New York, NY, USA}, url = {https://doi.org/10.1145/1552272.1552278}, doi = {10.1145/1552272.1552278}, booktitle = {Proceedings of the 1st ACM Workshop on Large-Scale System and Application Performance}, pages = {19–26}, numpages = {8}, keywords = {hadoop, cloud computing, simulation, mapreduce}, location = {Garching, Germany}, series = {LSAP ’09} }

